<?xml version="1.0" encoding="UTF-8"?>
<collection xmlns:xsi="http://www.w3.org/2001/XMLSchema-instance" xsi:schemaLocation="http://www.loc.gov/MARC21/slim http://www.loc.gov/standards/marcxml/schema/MARC21slim.xsd" xmlns="http://www.loc.gov/MARC21/slim">
<record>
  <leader>00748nam a2200229 a 4500</leader>
  <controlfield tag="001">2758420</controlfield>
  <controlfield tag="003">NNC</controlfield>
  <controlfield tag="005">20030429134722.0</controlfield>
  <controlfield tag="008">851011s1966    ye            000 0 ara c</controlfield>
  <datafield tag="010" ind1=" " ind2=" ">
    <subfield code="a">ne 66001968 </subfield>
  </datafield>
  <datafield tag="035" ind1=" " ind2=" ">
    <subfield code="a">(OCoLC)ocm12661097</subfield>
  </datafield>
  <datafield tag="035" ind1=" " ind2=" ">
    <subfield code="9">ARM4119CU</subfield>
  </datafield>
  <datafield tag="040" ind1=" " ind2=" ">
    <subfield code="a">Princeton Univ. Libr.</subfield>
    <subfield code="c">OSU</subfield>
    <subfield code="d">OSU</subfield>
    <subfield code="d">ZCU</subfield>
  </datafield>
  <datafield tag="050" ind1=" " ind2=" ">
    <subfield code="a">DS223</subfield>
    <subfield code="b">.B35 1966</subfield>
  </datafield>
  <datafield tag="100" ind1="1" ind2=" ">
    <subfield code="a">Bā Wazīr, Saʻīd ʻAwaḍ,</subfield>
    <subfield code="d">1916-</subfield>
  </datafield>
  <datafield tag="245" ind1="1" ind2="0">
    <subfield code="a">Maʻālim tārīkh al-Jazīrah al-ʻArabīyah /</subfield>
    <subfield code="c">taʾlīf Saʻīd ʻAwaḍ Bā Wazīr.</subfield>
  </datafield>
  <datafield tag="250" ind1=" " ind2=" ">
    <subfield code="a">al-Ṭabʻah 2.</subfield>
  </datafield>
  <datafield tag="260" ind1=" " ind2=" ">
    <subfield code="a">ʻAdan :</subfield>
    <subfield code="b">Muʾassasat al-Ṣabān wa-Shurakāh,</subfield>
    <subfield code="c">1966.</subfield>
  </datafield>
  <datafield tag="300" ind1=" " ind2=" ">
    <subfield code="a">310 p. :</subfield>
    <subfield code="b">map ;</subfield>
    <subfield code="c">25 cm.</subfield>
  </datafield>
  <datafield tag="504" ind1=" " ind2=" ">
    <subfield code="a">Bibliography: p. 303-304.</subfield>
  </datafield>
  <datafield tag="651" ind1=" " ind2="0">
    <subfield code="a">Arabian Peninsula</subfield>
    <subfield code="x">History.</subfield>
  </datafield>
  <datafield tag="955" ind1=" " ind2=" ">
    <subfield code="b">CU52897478</subfield>
    <subfield code="d">off,glx</subfield>
    <subfield code="e">DS223 .B35 1966</subfield>
  </datafield>
</record>
</collection>